%% This BibTeX bibliography file was created using BibDesk.
%% http://bibdesk.sourceforge.net/


%% Created for Patric Jensfelt at 2014-08-23 22:39:14 +0200 


%% Saved with string encoding Unicode (UTF-8) 


@article{yang2008regression,
  title={A regression approach to music emotion recognition},
  author={Yang, Yi-Hsuan and Lin, Yu-Ching and Su, Ya-Fan and Chen, Homer H},
  journal={Audio, Speech, and Language Processing, IEEE Transactions on},
  volume={16},
  number={2},
  pages={448--457},
  year={2008},
  publisher={IEEE}
}